<?xml version="1.0" encoding="UTF-8"?><collection><record><leader>04984ntm a2200613 a 4500</leader><controlfield tag="001">006814104</controlfield><controlfield tag="003">MiAaHDL</controlfield><controlfield tag="005">20190719000000.0</controlfield><controlfield tag="006">m        d        </controlfield><controlfield tag="007">cr bn ---auaua</controlfield><controlfield tag="008">090608q13uu14uuxx            00| ||per d</controlfield><datafield tag="035" ind1=" " ind2=" "><subfield code="a">(MiU)006814104</subfield></datafield><datafield tag="035" ind1=" " ind2=" "><subfield code="a">sdr-miu006814104</subfield></datafield><datafield tag="040" ind1=" " ind2=" "><subfield code="a">MiU</subfield><subfield code="c">MiU</subfield><subfield code="e">amremm</subfield></datafield><datafield tag="043" ind1=" " ind2=" "><subfield code="a">n-us-mi</subfield><subfield code="a">ff-----</subfield><subfield code="a">aw-----</subfield><subfield code="a">e-sp---</subfield></datafield><datafield tag="100" ind1="1" ind2=" "><subfield code="6">880-01</subfield><subfield code="a">Ṭūsī, Naṣīr al-Dīn Muḥammad ibn Muḥammad,</subfield><subfield code="d">1201-1274.</subfield></datafield><datafield tag="240" ind1="1" ind2="0"><subfield code="6">880-02</subfield><subfield code="a">Risālah-i Muʻīnīyah</subfield></datafield><datafield tag="245" ind1="1" ind2="0"><subfield code="6">880-03</subfield><subfield code="a">[Risālah-i Muʻīnīyah yā al-Mufīd dar hayʼat,</subfield><subfield code="f">14th or 15th century?].</subfield></datafield><datafield tag="246" ind1="3" ind2=" "><subfield code="a">رساله در معينيه يا المفيد در هيئت</subfield></datafield><datafield tag="246" ind1="3" ind2=" "><subfield code="6">880-05</subfield><subfield code="a">Risālah-i Muʻīnīyah dar ʻilm-i hayʼat</subfield></datafield><datafield tag="246" ind1="3" ind2=" "><subfield code="6">880-04</subfield><subfield code="a">Mufīd dar hayʼat</subfield></datafield><datafield tag="260" ind1=" " ind2=" "><subfield code="c">[13-- or 14--?].</subfield></datafield><datafield tag="300" ind1=" " ind2=" "><subfield code="a">5 leaves :</subfield><subfield code="b">paper ;</subfield><subfield code="c">202 x 153 (175 x 115) mm.</subfield></datafield><datafield tag="500" ind1=" " ind2=" "><subfield code="a">Shelfmark: Ann Arbor, University of Michigan, Special Collections Library, Isl. Ms. 823</subfield></datafield><datafield tag="500" ind1=" " ind2=" "><subfield code="a">Origin: Lacks dated colophon ; hand, paper, etc. may suggest 14th or 15th century.</subfield></datafield><datafield tag="500" ind1=" " ind2=" "><subfield code="a">Binding: Unbound fragment ; recycled paper with scratch notes in pencil (appear to be bookseller's accounts) serves as a wrapper ; only one bifolium is intact ; once sewn in two stations, threads lost ; tears, staining, etc. ; housed in stiff cardboard wrapper in envelope.</subfield></datafield><datafield tag="500" ind1=" " ind2=" "><subfield code="a">Support: non-European (Persian or Arab) laid paper with thick, even and fairly distinct laid lines (5-6 per cm. or 20 in 37 mm., horizontal) and what appear to be single chain lines, curved and spaced 39-41 mm. apart.</subfield></datafield><datafield tag="500" ind1=" " ind2=" "><subfield code="a">Decoration: Section headings and keywords rubricated ; textual dividers in the form of three inverted commas in red ; astronomical diagrams in red and black (see pp.6, 8, 9, 10, 11).</subfield></datafield><datafield tag="500" ind1=" " ind2=" "><subfield code="a">Script: Naskh ; clear, compact hand in a medium line ; mainly serifless (though irregular left-sloping head-serifs appear on occasional lām, alif, etc.) with slight effect of tilt to the left, freely ligatured and quite rounded with curvilinear descenders, closed and open counters, kāf mashqūqah (mashkūlah) preferred with left-ward hook often on shaft and shaqq meeting just below forming an irregular v-shape, pointing very casual though typically in distinct dots.</subfield></datafield><datafield tag="500" ind1=" " ind2=" "><subfield code="a">Layout: Written in as many as 30 lines per page, varying according to appearance of diagrams.</subfield></datafield><datafield tag="500" ind1=" " ind2=" "><subfield code="a">Collation: Five leaves, the final four of which appear to constitute the center portion of a gathering (possibly a quaternion) ; only one bifolium is intact ; pagination in pencil, Western numerals, supplied during digitization (includes paper wrapper).</subfield></datafield><datafield tag="500" ind1=" " ind2=" "><subfield code="a">Title supplied by cataloguer.</subfield></datafield><datafield tag="500" ind1=" " ind2=" "><subfield code="a">Ms. fragment.</subfield></datafield><datafield tag="510" ind1="4" ind2=" "><subfield code="a">Loveday, Helen. Islamic paper: a study of the ancient craft. London : The Don Baker Memorial Fund, 2001.</subfield></datafield><datafield tag="510" ind1="3" ind2=" "><subfield code="a">Humbert, G. "Papiers non filigranés utilisés au Proche-Orient jusqu’en 1450: essai de typologie." Journal asiatique, 286, no. 1:1-54.</subfield></datafield><datafield tag="510" ind1="4" ind2=" "><subfield code="a">Storey, C. A. Persian literature,</subfield><subfield code="c">pp.6-7, 52-60</subfield></datafield><datafield tag="510" ind1="4" ind2=" "><subfield code="a">Daiber, H. and F.J. Ragep "al-Ṭūsī, Naṣīral-Dīn, Abū Ḏj̲aʿfar Muḥammad." In EI2,</subfield><subfield code="c">vol. X, p.746, col.1</subfield></datafield><datafield tag="510" ind1="4" ind2=" "><subfield code="a">Brockelmann, C. GAL,</subfield><subfield code="c">I 670-6</subfield></datafield><datafield tag="510" ind1="4" ind2=" "><subfield code="a">King, D. A Survey of the scientific manuscripts in the Egyptian National Library. (Winona Lake, 1986),</subfield><subfield code="c">G23, 1.2.10</subfield></datafield><datafield tag="520" ind1="8" ind2=" "><subfield code="a">Fragment from what appears to be a fine copy of Naṣīr al-Dīn Ṭūsī's (d.1274) Risālah-i Muʻīnīyah or al-Mufīd dar hayʼat, an astronomical work dedicated to Abū al-Shams Muʻīn al-Dīn, son of the author's patron Nāṣir al-Dīn Muḥtasham, governor of Quhistān. Only the latter portion of the second maqālah and opening of the third maqālah are present, including a portion of bāb 4 and bāb 5 (possibly from the second maqālah), the final part of bāb 8 through bāb 14 of the second maqālah, and the opening lines of bāb 1 from the third maqālah.</subfield></datafield><datafield tag="538" ind1=" " ind2=" "><subfield code="a">Mode of access: Internet.</subfield></datafield><datafield tag="541" ind1=" " ind2=" "><subfield code="a">Purchased in Cairo, 1933/34.</subfield></datafield><datafield tag="546" ind1=" " ind2=" "><subfield code="a">Persian.</subfield></datafield><datafield tag="561" ind1=" " ind2=" "><subfield code="a">Possible bookseller's accounts on wrapper ; a few marginal corrections.</subfield></datafield><datafield tag="650" ind1=" " ind2="0"><subfield code="a">Manuscripts, Persian</subfield><subfield code="z">Michigan</subfield><subfield code="z">Ann Arbor.</subfield></datafield><datafield tag="650" ind1=" " ind2="0"><subfield code="a">Astronomy, Arab</subfield><subfield code="v">Early works to 1800.</subfield></datafield><datafield tag="650" ind1=" " ind2="0"><subfield code="a">Astronomy</subfield><subfield code="z">Islamic Empire</subfield><subfield code="v">Early works to 1800.</subfield></datafield><datafield tag="700" ind1="1" ind2=" "><subfield code="a">Meyerhof, Max,</subfield><subfield code="d">1874-1945,</subfield><subfield code="e">former owner.</subfield></datafield><datafield tag="773" ind1="0" ind2=" "><subfield code="a">Tracy W. McGregor Collection of Arabic, Persian, and Turkish Mathematical and Astronomical Manuscripts.</subfield></datafield><datafield tag="880" ind1="3" ind2=" "><subfield code="6">246-05/</subfield><subfield code="a">رساله معینیه در علم هیئت</subfield></datafield><datafield tag="880" ind1="3" ind2=" "><subfield code="6">246-04/</subfield><subfield code="a">مفيد در هيئت</subfield></datafield><datafield tag="880" ind1="1" ind2="0"><subfield code="6">245-03/</subfield><subfield code="a">[رساله معینیه یا المفید در هیئت,</subfield><subfield code="f">قرن 14 يا 15م؟].</subfield></datafield><datafield tag="880" ind1="1" ind2="0"><subfield code="6">240-02/</subfield><subfield code="a">رساله معینیه</subfield></datafield><datafield tag="880" ind1="1" ind2=" "><subfield code="6">100-01/</subfield><subfield code="a">طوسى، نصير الدين محمد بن محمد.</subfield></datafield><datafield tag="CID" ind1=" " ind2=" "><subfield code="a">006814104</subfield></datafield><datafield tag="DAT" ind1="0" ind2=" "><subfield code="a">20190719102638.0</subfield><subfield code="b">20190719000000.0</subfield></datafield><datafield tag="DAT" ind1="1" ind2=" "><subfield code="a">20190719090653.0</subfield><subfield code="b">2019-07-19T16:11:43Z</subfield></datafield><datafield tag="DAT" ind1="2" ind2=" "><subfield code="a">2015-10-02T18:00:03Z</subfield></datafield><datafield tag="CAT" ind1=" " ind2=" "><subfield code="a">SDR-MIU</subfield><subfield code="d">EX LIBRIS - ALEPH</subfield><subfield code="l">prepare.pl-004-008</subfield></datafield><datafield tag="FMT" ind1=" " ind2=" "><subfield code="a">BK</subfield></datafield><datafield tag="HOL" ind1=" " ind2=" "><subfield code="0">sdr-miu006814104</subfield><subfield code="a">MiU</subfield><subfield code="b">SDR</subfield><subfield code="c">MIU</subfield><subfield code="p">mdp.39015079128701</subfield><subfield code="s">MIU</subfield><subfield code="1">006814104</subfield></datafield><datafield tag="974" ind1=" " ind2=" "><subfield code="b">MIU</subfield><subfield code="c">MIU</subfield><subfield code="d">20190719</subfield><subfield code="s">lit-dlps-dc</subfield><subfield code="u">mdp.39015079128701</subfield><subfield code="y">1499</subfield><subfield code="r">pd</subfield><subfield code="q">bib</subfield><subfield code="t">non-US bib date2 &lt; 1896</subfield></datafield></record></collection>